@book{brooks1987no,
  title={No silver bullet},
  author={Brooks, F and Kugler, HJ},
  year={1987},
  publisher={University of North Carolina at Chapel Hill}

}
@book{sommerville2011software,
  title={Software Engineering},
  author={Sommerville, I},
  year={2011},
  publisher={	Boston : Pearson},
  ISBN = {978-0-13-703515-1},
  pages="5,668-677"
}